<record><leader>00000cas a2200000 a 4500</leader><controlfield tag="001">11967079</controlfield><controlfield tag="008">850426d186919uuiluwr ne      0   a0eng c</controlfield><datafield ind1=" " ind2=" " tag="010"><subfield code="a">sn 85033444 </subfield></datafield><datafield ind1=" " ind2=" " tag="040"><subfield code="a">NPU</subfield><subfield code="b">eng</subfield><subfield code="c">NPU</subfield><subfield code="d">KNP</subfield><subfield code="d">NVF</subfield><subfield code="d">KNP</subfield><subfield code="d">NVF</subfield><subfield code="d">OCLCQ</subfield><subfield code="d">NVF</subfield><subfield code="d">OCLCF</subfield><subfield code="d">OCL</subfield><subfield code="d">OCLCO</subfield></datafield><datafield ind1="1" ind2=" " tag="029"><subfield code="a">AU@</subfield><subfield code="b">000020379057</subfield></datafield><datafield ind1=" " ind2=" " tag="042"><subfield code="a">pcc</subfield></datafield><datafield ind1=" " ind2=" " tag="043"><subfield code="a">n-us-il</subfield></datafield><datafield ind1="0" ind2="0" tag="245"><subfield code="a">Champaign County gazette.</subfield></datafield><datafield ind1=" " ind2=" " tag="260"><subfield code="a">Champaign, Ill. :</subfield><subfield code="b">Flynn &amp; Scroggs,</subfield><subfield code="c">1869-[19--?].</subfield></datafield><datafield ind1=" " ind2=" " tag="300"><subfield code="a">v.</subfield></datafield><datafield ind1=" " ind2=" " tag="310"><subfield code="a">Weekly</subfield></datafield><datafield ind1="0" ind2=" " tag="362"><subfield code="a">Vol. 18, no. 16 (Mar. 3, 1869)-</subfield></datafield><datafield ind1=" " ind2=" " tag="515"><subfield code="a">Continues the numbering of Gazette and union.</subfield></datafield><datafield ind1=" " ind2=" " tag="515"><subfield code="a">Suspended for approximately 1 week in Aug. and Sept. 1882-&lt;1883&gt; during the Champaign County fair.</subfield></datafield><datafield ind1=" " ind2=" " tag="580"><subfield code="a">Daily fair ed.: Champaign daily gazette (Champaign, Ill. : County fair ed.), 1882-&lt;1883&gt;</subfield></datafield><datafield ind1=" " ind2=" " tag="580"><subfield code="a">Daily ed.: Champaign daily gazette (Champaign, Ill. : 1883), 1883-&lt;1907&gt;</subfield></datafield><datafield ind1=" " ind2=" " tag="588"><subfield code="a">Latest issue consulted: Vol. 61, no. 16 (Dec. 25, 1907).</subfield></datafield><datafield ind1=" " ind2="0" tag="651"><subfield code="a">Champaign County (Ill.)</subfield><subfield code="v">Newspapers.</subfield></datafield><datafield ind1=" " ind2="7" tag="651"><subfield code="a">Illinois</subfield><subfield code="z">Champaign County.</subfield><subfield code="2">fast</subfield><subfield code="0">(OCoLC)fst01208069</subfield></datafield><datafield ind1=" " ind2="7" tag="655"><subfield code="a">Newspapers.</subfield><subfield code="2">fast</subfield><subfield code="0">(OCoLC)fst01423814</subfield></datafield><datafield ind1=" " ind2=" " tag="752"><subfield code="a">United States</subfield><subfield code="b">Illinois</subfield><subfield code="c">Champaign</subfield><subfield code="d">Champaign.</subfield></datafield><datafield ind1="1" ind2=" " tag="775"><subfield code="t">Champaign daily gazette (Champaign, Ill. : County fair ed.)</subfield><subfield code="w">(DLC)sn 88061259</subfield><subfield code="w">(OCoLC)18615265</subfield></datafield><datafield ind1="1" ind2=" " tag="775"><subfield code="t">Champaign daily gazette (Champaign, Ill. : 1883)</subfield><subfield code="w">(DLC)sn 86063842</subfield><subfield code="w">(OCoLC)13474436</subfield></datafield><datafield ind1="0" ind2="0" tag="780"><subfield code="t">Gazette and union</subfield><subfield code="w">(DLC)sn 88061258</subfield><subfield code="w">(OCoLC)18611746</subfield></datafield></record>